<?xml version="1.0" encoding="UTF-8"?><collection xmlns="http://www.loc.gov/MARC21/slim"><record><leader>00506nam--2200181-i-4500</leader><controlfield tag="001">000029471</controlfield><controlfield tag="002">20161230</controlfield><controlfield tag="005">20161230201037</controlfield><controlfield tag="008">060222s1000------------r-----000-0-ger-d</controlfield><datafield ind1=" " ind2=" " tag="040"><subfield code="a">IFIN-HH</subfield></datafield><datafield ind1=" " ind2=" " tag="041"><subfield code="a">ger</subfield></datafield><datafield ind1=" " ind2=" " tag="080"><subfield code="a">537:538</subfield></datafield><datafield ind1="1" ind2=" " tag="100"><subfield code="a">Lorentz, H.A</subfield></datafield><datafield ind1="1" ind2="0" tag="245"><subfield code="a">Versuch einer theorie der electrischen und optischen erscheinungen in bewegten korpern</subfield><subfield code="c">H.a. lorentz</subfield></datafield><datafield ind1=" " ind2=" " tag="260"><subfield code="a">Leipzig</subfield><subfield code="b">Verlag Von B.G.Teubner</subfield><subfield code="c">1906</subfield></datafield><datafield ind1=" " ind2=" " tag="300"><subfield code="a">137P</subfield></datafield><datafield ind1=" " ind2=" " tag="852"><subfield code="a">4792</subfield><subfield code="c">537:538</subfield></datafield><datafield ind1=" " ind2=" " tag="CAT"><subfield code="a">Sys</subfield><subfield code="c">20110607</subfield><subfield code="h">154132</subfield></datafield></record></collection>